[{
    "year": "1979-12-31T16:00:00.000Z",
    "sales": 11.379999999999999
}, {
    "year": "1980-12-31T16:00:00.000Z",
    "sales": 35.77000000000001
}, {
    "year": "1981-12-31T16:00:00.000Z",
    "sales": 28.859999999999996
}, {
    "year": "1982-12-31T16:00:00.000Z",
    "sales": 16.790000000000003
}, {
    "year": "1983-12-31T16:00:00.000Z",
    "sales": 50.360000000000014
}, {
    "year": "1984-12-31T16:00:00.000Z",
    "sales": 53.940000000000005
}, {
    "year": "1985-12-31T16:00:00.000Z",
    "sales": 37.07
}, {
    "year": "1986-12-31T16:00:00.000Z",
    "sales": 21.739999999999995
}, {
    "year": "1987-12-31T16:00:00.000Z",
    "sales": 47.22
}, {
    "year": "1988-12-31T16:00:00.000Z",
    "sales": 73.45
}, {
    "year": "1989-12-31T16:00:00.000Z",
    "sales": 49.38999999999999
}, {
    "year": "1990-12-31T16:00:00.000Z",
    "sales": 32.230000000000004
}, {
    "year": "1991-12-31T16:00:00.000Z",
    "sales": 76.16999999999997
}, {
    "year": "1992-12-31T16:00:00.000Z",
    "sales": 48.399999999999984
}, {
    "year": "1993-12-31T16:00:00.000Z",
    "sales": 79.18000000000002
}, {
    "year": "1994-12-31T16:00:00.000Z",
    "sales": 88.10999999999991
}, {
    "year": "1995-12-31T16:00:00.000Z",
    "sales": 199.14999999999995
}, {
    "year": "1996-12-31T16:00:00.000Z",
    "sales": 200.98000000000013
}, {
    "year": "1997-12-31T16:00:00.000Z",
    "sales": 256.4499999999997
}, {
    "year": "1998-12-31T16:00:00.000Z",
    "sales": 251.2500000000002
}, {
    "year": "1999-12-31T16:00:00.000Z",
    "sales": 201.5800000000002
}, {
    "year": "2000-12-31T16:00:00.000Z",
    "sales": 331.4699999999991
}, {
    "year": "2001-12-31T16:00:00.000Z",
    "sales": 395.5099999999983
}, {
    "year": "2002-12-31T16:00:00.000Z",
    "sales": 357.7999999999988
}, {
    "year": "2003-12-31T16:00:00.000Z",
    "sales": 419.0499999999986
}, {
    "year": "2004-12-31T16:00:00.000Z",
    "sales": 458.3099999999975
}, {
    "year": "2005-12-31T16:00:00.000Z",
    "sales": 518.2199999999954
}, {
    "year": "2006-12-31T16:00:00.000Z",
    "sales": 605.369999999993
}, {
    "year": "2007-12-31T16:00:00.000Z",
    "sales": 671.7899999999953
}, {
    "year": "2008-12-31T16:00:00.000Z",
    "sales": 658.8799999999958
}, {
    "year": "2009-12-31T16:00:00.000Z",
    "sales": 590.5899999999947
}, {
    "year": "2010-12-31T16:00:00.000Z",
    "sales": 507.7899999999968
}, {
    "year": "2011-12-31T16:00:00.000Z",
    "sales": 355.83999999999827
}, {
    "year": "2012-12-31T16:00:00.000Z",
    "sales": 361.2399999999984
}, {
    "year": "2013-12-31T16:00:00.000Z",
    "sales": 331.50999999999874
}, {
    "year": "2014-12-31T16:00:00.000Z",
    "sales": 268.04999999999706
}]